<?xml version="1.0" encoding="UTF-8"?><collection xmlns="http://www.loc.gov/MARC21/slim"><record><leader>00365nam--2200121-i-4500</leader><controlfield tag="001">000004653</controlfield><controlfield tag="002">20161230</controlfield><controlfield tag="005">20170110231340</controlfield><controlfield tag="008">060222s1000------------r-----000-0-eng-d</controlfield><datafield ind1=" " ind2=" " tag="020"><subfield code="a">621.7</subfield></datafield><datafield ind1=" " ind2=" " tag="080"><subfield code="a">621.9 669</subfield></datafield><datafield ind1=" " ind2=" " tag="245"><subfield code="a">Clasificarea zecimala ptr.biblioteci tehnice</subfield><subfield code="b">partea 1, 2, 3, 4, 5 (index alfabetic) 621 621.0 621.1 621.22 621.8</subfield></datafield><datafield ind1=" " ind2=" " tag="CAT"><subfield code="a">SYS</subfield><subfield code="c">20170110</subfield><subfield code="h">231340</subfield></datafield></record></collection>